@book{grewal2001kalman,
	title="Kalman Filtering: Theory and Practice Using MATLAB",
	author="Mohinder S. {Grewal} and Angus P. {Andrews}",
	notes="Sourced from Microsoft Academic - https://academic.microsoft.com/paper/1531218787",
	year="2001",
	 publisher={John Wiley \& Sons}
}


@book{hofmann-wellenhof2007gnss,
	title="GNSS – Global Navigation Satellite Systems: GPS, GLONASS, Galileo, and more",
	author="B. {Hofmann-Wellenhof} and Herbert {Lichtenegger} and Elmar {Wasle}",
	notes="Sourced from Microsoft Academic - https://academic.microsoft.com/paper/629575385",
	year="2007",
 	publisher={Springer Science \& Business Media}
}

@article{lavielle2005using,
	title="Using penalized contrasts for the change-point problem",
	author="Marc {Lavielle}",
	journal="Signal Processing",
	volume="85",
	number="8",
	pages="1501--1510",
	notes="Sourced from Microsoft Academic - https://academic.microsoft.com/paper/2117227640",
	year="2005"
}

@article{gili2000using,
	title="Using Global Positioning System techniques in landslide monitoring",
	author="Josep A. {Gili} and Jordi {Corominas} and Joan {Rius}",
	journal="Engineering Geology",
	volume="55",
	number="3",
	pages="167--192",
	notes="Sourced from Microsoft Academic - https://academic.microsoft.com/paper/2122053459",
	year="2000"
}

@article{cina2015performance,
	title="Performance of low-cost GNSS receiver for landslides monitoring: test and results",
	author="Alberto {Cina} and Marco {Piras}",
	journal="Geomatics, Natural Hazards and Risk",
	volume="6",
	pages="497--514",
	notes="Sourced from Microsoft Academic - https://academic.microsoft.com/paper/2107580499",
	year="2015"
}

@article{cruden1996landslides,
	title="LANDSLIDES: INVESTIGATION AND MITIGATION. CHAPTER 3 - LANDSLIDE TYPES AND PROCESSES",
	author="David M {Cruden} and David J {Varnes}",
	journal="Transportation Research Board Special Report",
	number="247",
	notes="Sourced from Microsoft Academic - https://academic.microsoft.com/paper/622524357",
	year="1996"
}

@book{clague2012landslides,
	title="Landslides: Types, Mechanisms and Modeling",
	author="John J. {Clague} and Douglas {Stead}",
	notes="Sourced from Microsoft Academic - https://academic.microsoft.com/paper/591063778",
	year="2012"
}

@article{khaliq2007on,
	title="On the critical values of the standard normal homogeneity test (SNHT)",
	author="M. N. {Khaliq} and T. B. M. J. {Ouarda}",
	journal="International Journal of Climatology",
	volume="27",
	number="5",
	pages="681--687",
	notes="Sourced from Microsoft Academic - https://academic.microsoft.com/paper/2045439988",
	year="2007"
}

@article{mallakpour2016a,
	title="A simulation study to examine the sensitivity of the Pettitt test to detect abrupt changes in mean",
	author="Iman {Mallakpour} and Gabriele {Villarini}",
	journal="Hydrological Sciences Journal-journal Des Sciences Hydrologiques",
	volume="61",
	number="2",
	pages="245--254",
	notes="Sourced from Microsoft Academic - https://academic.microsoft.com/paper/1990957165",
	year="2016"
}

@article{xuebin2008research,
	title="RESEARCH ON SPACE-TIME EVOLUTION LAWS AND EARLY WARNING-PREDICTION OF LANDSLIDES",
	author="Huang {Xuebin}",
	journal="Chinese journal of rock mechanics and engineering",
	notes="Sourced from Microsoft Academic - https://academic.microsoft.com/paper/2381350264",
	year="2008"
}

@article{bellone2016real,
	title="Real-time monitoring for fast deformations using GNSS low-cost receivers",
	author="Tamara {Bellone} and Paolo {Dabove} and Ambrogio {Manzino} and Cinzia {Taglioretti}",
	journal="Geomatics, Natural Hazards and Risk",
	volume="7",
	number="2",
	pages="458--470",
	notes="Sourced from Microsoft Academic - https://academic.microsoft.com/paper/2038538494",
	year="2016"
}

@article{shen2019a,
	title="A Review of Global Navigation Satellite System (GNSS)-based Dynamic Monitoring Technologies for Structural Health Monitoring",
	author="Nan {Shen} and Liang {Chen} and Jingbin {Liu} and Lei {Wang} and Tingye {Tao} and Dewen {Wu} and Ruizhi {Chen}",
	journal="Remote Sensing",
	volume="11",
	number="9",
	pages="1001",
	notes="Sourced from Microsoft Academic - https://academic.microsoft.com/paper/2943456216",
	year="2019"
}

@article{li2010deformation,
	title="Deformation Detection in the GPS Real-Time Series by the Multiple Kalman Filters Model",
	author="Lihua {Li} and Heiner {Kuhlmann}",
	journal="Journal of Surveying Engineering-asce",
	volume="136",
	number="4",
	pages="157--164",
	notes="Sourced from Microsoft Academic - https://academic.microsoft.com/paper/1970748367",
	year="2010"
}

@book{addison2016the,
	title="The Illustrated Wavelet Transform Handbook: Introductory Theory and Applications in Science, Engineering, Medicine and Finance, Second Edition",
	author="Paul S. {Addison}",
	notes="Sourced from Microsoft Academic - https://academic.microsoft.com/paper/2889001822",
	year="2016"
}

@article{rawat2011landslide,
	title="Landslide movement monitoring using GPS technology: A case study of Bakthang landslide, Gangtok, East Sikkim, India",
	author="M. S. {Rawat} and Varun {Joshi} and B. S. {Rawat} and K. {Kumar}",
	journal="Journal of development and agricultural economics",
	volume="3",
	number="5",
	pages="194--200",
	notes="Sourced from Microsoft Academic - https://academic.microsoft.com/paper/2982906174",
	year="2011"
}

@article{li2019forecasting,
	title="Forecasting of landslide displacements using a chaos theory based wavelet analysis-Volterra filter model",
	author="Yuanyao {Li} and Ronglin {Sun} and Kunlong {Yin} and Yong {Xu} and Bo {Chai} and Lili {Xiao}",
	journal="Scientific Reports",
	volume="9",
	number="1",
	pages="19853",
	notes="Sourced from Microsoft Academic - https://academic.microsoft.com/paper/2997458419",
	year="2019"
}

@inproceedings{lytvyn2012real,
	title="Real-Time landslide monitoring using single-frequency PPP: Proof of concept",
	author="Mykhailo {Lytvyn} and Christoph {Pollabauer} and Markus {Troger} and Katrin {Landfahrer} and Leander {Hormann} and Christian {Steger}",
	booktitle="2012 6th ESA Workshop on Satellite Navigation Technologies (Navitec 2012) \& European Workshop on GNSS Signals and Signal Processing",
	pages="1--6",
	notes="Sourced from Microsoft Academic - https://academic.microsoft.com/paper/2073415165",
	year="2012"
}

@article{shen2020site,
	title="Site-specific real-time GPS multipath mitigation based on coordinate time series window matching",
	author="Nan {Shen} and Liang {Chen} and Lei {Wang} and Xiangchen {Lu} and Tingye {Tao} and Jun {Yan} and Ruizhi {Chen}",
	journal="Gps Solutions",
	volume="24",
	number="3",
	pages="1--14",
	notes="Sourced from Microsoft Academic - https://academic.microsoft.com/paper/3036680816",
	year="2020"
}

@article{dabove2016fast,
	title="Fast Displacements Detection Techniques Considering Mass-Market GPS L1 Receivers",
	author="Paolo {Dabove} and Ambrogio Maria {Manzino}",
	journal="International Conference on Geographical Information Systems Theory, Applications and Management",
	volume="741",
	pages="1--14",
	notes="Sourced from Microsoft Academic - https://academic.microsoft.com/paper/2733001543",
	year="2016"
}

@article{abidin2004on,
	title="On the Use of GPS Survey Method for Studying Land Displacements on the Landslide Prone Areas",
	author="Hasanuddin Z. {Abidin} and H. {Andreas} and M. {Gamal} and M. {Hendrasto}",
	journal="",
	notes="Sourced from Microsoft Academic - https://academic.microsoft.com/paper/34310119",
	year="2004"
}

@book{shroder2014landslide,
	title={Landslide hazards, risks, and disasters},
	author={Shroder, John F},
	year={2014},
	publisher={Academic Press}
}

@article{takasu2011rtklib,
	title={RTKLIB: An open source program package for GNSS positioning},
	author={Takasu, T},
	journal={Tech. Rep., 2013. Software and documentation},
	year={2011}
}

@article{teunissen1995the,
	title="The least-squares ambiguity decorrelation adjustment: a method for fast GPS integer ambiguity estimation",
	author="P. J. G. {Teunissen}",
	journal="Journal of Geodesy",
	volume="70",
	number="1",
	pages="65--82",
	notes="Sourced from Microsoft Academic - https://academic.microsoft.com/paper/2095093213",
	year="1995"
}

@book{teunissen2017springer,
	title="Springer Handbook of Global Navigation Satellite Systems",
	author="Peter J.G. {Teunissen} and Oliver {Montenbruck}",
	notes="Sourced from Microsoft Academic - https://academic.microsoft.com/paper/2625043143",
	year="2017",
	publisher={Springer International}
}
@book{awange2012environmental,
	title={Environmental monitoring using GNSS: Global navigation satellite systems},
	author={Awange, Joseph L},
	year={2012},
	publisher={Springer Science \& Business Media}
}
@inproceedings{pavasovic2011application,
	title={The Application of GNSS VRS Service in Industrial Survey},
	author={Pavasovi{\'c}, Marko and Rezo, Milan and Ba{\v{s}}i{\'c}, Tomislav},
	booktitle={Proceedings of the 5th International Conference on Engineering Surveying INGEO 2011},
	pages={279},
	year={2011}
}

@article{wang2011gps,
	title="GPS Landslide Monitoring: Single Base vs. Network Solutions — A case study based on the Puerto Rico and Virgin Islands Permanent GPS Network",
	author="Guoquan {Wang}",
	journal="Journal of Geodetic Science",
	volume="1",
	number="3",
	pages="191--203",
	notes="Sourced from Microsoft Academic - https://academic.microsoft.com/paper/2126740715",
	year="2011"
}

@article{su2009using,
	title="Using TDR Cables and GPS for Landslide Monitoring in High Mountain Area",
	author="Miau-Bin {Su} and I-Hui {Chen} and Chien-Hsin {Liao}",
	journal="Journal of Geotechnical and Geoenvironmental Engineering",
	volume="135",
	number="8",
	pages="1113--1121",
	notes="Sourced from Microsoft Academic - https://academic.microsoft.com/paper/2163567123",
	year="2009"
}

@article{xiao2013real,
	title="Real-time landslide monitoring of Pubugou hydropower resettlement zone using continuous GPS",
	author="Ruya {Xiao} and Xiufeng {He}",
	journal="Natural Hazards",
	volume="69",
	number="3",
	pages="1647--1660",
	notes="Sourced from Microsoft Academic - https://academic.microsoft.com/paper/2036466733",
	year="2013"
}

@article{li2015a,
	title="A Study on Key Technology of High Precision GPS Monitoring for Geological Hazard",
	author="Wang {Li}",
	journal="Acta Geodaetica et Cartographica Sinica",
	volume="44",
	number="7",
	pages="826",
	notes="Sourced from Microsoft Academic - https://academic.microsoft.com/paper/2993035164",
	year="2015"
}

@article{zhang2018real,
	title="Real-Time Safety Evaluation for Slope during Construction Using Numerical Forecast and Sensor Monitoring Platform.",
	author="Sherong {Zhang} and Dejun {Hou} and Chao {Wang} and Xuexing {Cao} and Fenghua {Zhang} and Fei {Pan} and Chengbo {Du}",
	journal="Sensors",
	volume="18",
	number="9",
	pages="2978",
	notes="Sourced from Microsoft Academic - https://academic.microsoft.com/paper/2891415741",
	year="2018"
}

@article{li2015a,
	title="Wavelet basis selection method for fault signal detection",
	author="Xiaoyong {Z}, Yinzhong {Y}",
	journal="Control Engineering of China",
	volume="04",
	pages="308--311",
	year="2003"
}

@article{xuebin2008research,
	title="Research on space-time evolution laws and early warning-prediction of landslides",
	author="Huang {Xuebin}",
	journal="Chinese journal of rock mechanics and engineering",
	notes="Sourced from Microsoft Academic - https://academic.microsoft.com/paper/2381350264",
	year="2008"
}

@article{giri2018wireless,
	title={Wireless sensor network system for landslide monitoring and warning},
	author={Giri, Prapti and Ng, Kam and Phillips, William},
	journal={IEEE Transactions on Instrumentation and Measurement},
	volume={68},
	number={4},
	pages={1210--1220},
	year={2018},
	publisher={IEEE}
}
@article{lee2017open,
	title={Open-source wireless sensor system for long-term monitoring of slope movement},
	author={Lee, Huang-Chen and Ke, Kai-Hsiang and Fang, Yao-Min and Lee, Bing-Jean and Chan, Teng-Chieh},
	journal={IEEE Transactions on Instrumentation and Measurement},
	volume={66},
	number={4},
	pages={767--776},
	year={2017},
	publisher={IEEE}
}
@article{sugimoto1989development,
	title={Development of GPS positioning system'PRESTAR'},
	author={Sugimoto, Yuji and Kurihara, Noriyuki and Kiuchi, HITOSHI and Kaneko, AKIHIRO and Sawada, Fumitake and Shirado, TAMOTSU and Saburi, YOSHIKAZU},
	journal={IEEE Transactions on Instrumentation and Measurement},
	volume={38},
	number={2},
	pages={644--647},
	year={1989},
	publisher={IEEE}
}
@book{goodfellow2016deep,
	title={Deep learning},
	author={Goodfellow, Ian and Bengio, Yoshua and Courville, Aaron and Bengio, Yoshua},
	volume={1},
	year={2016},
	publisher={MIT press Cambridge}
}
@article{hoffman2014no,
	title={The No-U-Turn sampler: adaptively setting path lengths in Hamiltonian Monte Carlo.},
	author={Hoffman, Matthew D and Gelman, Andrew},
	journal={J. Mach. Learn. Res.},
	volume={15},
	number={1},
	pages={1593--1623},
	year={2014}
}
@article{chib1995understanding,
	title={Understanding the metropolis-hastings algorithm},
	author={Chib, Siddhartha and Greenberg, Edward},
	journal={The american statistician},
	volume={49},
	number={4},
	pages={327--335},
	year={1995},
	publisher={Taylor \& Francis Group}
}
@article{chen2009modulation,
	title={Modulation Classification of MPSK Signals Based on Nonparametric Bayesian Inference},
	author={Chen, Liang and Cheng, Han-Wen and Wu, Le-Nan},
	journal={Journal of Southeast University (English Edition)},
	volume={25},
	number={2},
	pages={171--174},
	year={2009},
	publisher={東南大學學報编辑部}
}
@article{chen2013bayesian,
	title={Bayesian fusion for indoor positioning using bluetooth fingerprints},
	author={Chen, Liang and Pei, Ling and Kuusniemi, Heidi and Chen, Yuwei and Kr{\"o}ger, Tuomo and Chen, Ruizhi},
	journal={Wireless personal communications},
	volume={70},
	number={4},
	pages={1735--1745},
	year={2013},
	publisher={Springer}
}
@article{GUMUS2019131,
	title = "Evaluation of NRTK GNSS positioning methods for displacement detection by a newly designed displacement monitoring system",
	journal = "Measurement",
	volume = "142",
	pages = "131 - 137",
	year = "2019",
	issn = "0263-2241",
	doi = "https://doi.org/10.1016/j.measurement.2019.04.041",
	author = "Kutalmış Gümüş and Mahmut Oğuz Selbesoğlu"
}
@incollection{pirotti2015micro,
	title={Micro-scale landslide displacements detection using Bayesian methods applied to GNSS data},
	author={Pirotti, Francesco and Guarnieri, Alberto and Masiero, Andrea and Gregoretti, Carlo and Degetto, Massimo and Vettore, Antonio},
	booktitle={Modern Technologies for Landslide Monitoring and Prediction},
	pages={123--138},
	year={2015},
	publisher={Springer}
}

@Article{rs12203375,
	AUTHOR = {Šegina, Ela and Peternel, Tina and Urbančič, Tilen and Realini, Eugenio and Zupan, Matija and Jež, Jernej and Caldera, Stefano and Gatti, Andrea and Tagliaferro, Giulio and Consoli, Angelo and González, Joaquín Reyes and Auflič, Mateja Jemec},
	TITLE = {Monitoring Surface Displacement of a Deep-Seated Landslide by a Low-Cost and near Real-Time GNSS System},
	JOURNAL = {Remote Sensing},
	VOLUME = {12},
	YEAR = {2020},
	NUMBER = {20},
	ARTICLE-NUMBER = {3375},
	ISSN = {2072-4292},
	DOI = {10.3390/rs12203375}
}
@article{atanasova2018ground,
	title={Ground displacements detection in Trifon Zarezan landslide based on GNSS and SAR data},
	author={Atanasova, Mila and Nikolov, Hristo},
	journal={MMM Geo Information},
	pages={7--15},
	year={2018}
}
@article{fuhrmann2015estimation,
	title={Estimation of small surface displacements in the Upper Rhine Graben area from a combined analysis of PS-InSAR, levelling and GNSS data},
	author={Fuhrmann, T and Caro Cuenca, M and Kn{\"o}pfler, A and Van Leijen, FJ and Mayer, M and Westerhaus, M and Hanssen, RF and Heck, B},
	journal={Geophysical Journal International},
	volume={203},
	number={1},
	pages={614--631},
	year={2015},
	publisher={Oxford University Press}
}
@inproceedings{csanliouglu2016landslide,
	title={Landslide monitoring with GNSS-PPP on steep-slope and forestry area: Ta{\c{s}}kent landslide},
	author={{\c{S}}anl{\i}o{\u{g}}lu, {\'I}smail and Zeybek, Mustafa and Yi{\u{g}}it, Cemal {\"O}zer},
	booktitle={International Conference on Engineering and Natural Science (ICENS)},
	pages={12--16},
	year={2016}
}
@article{freda2015time,
	title={Time-differenced carrier phases technique for precise GNSS velocity estimation},
	author={Freda, Pierluigi and Angrisano, Antonio and Gaglione, Salvatore and Troisi, Salvatore},
	journal={GPS Solutions},
	volume={19},
	number={2},
	pages={335--341},
	year={2015},
	publisher={Springer}
}
@article{colosimo2011real,
	title={Real-time GPS seismology with a stand-alone receiver: A preliminary feasibility demonstration},
	author={Colosimo, G and Crespi, M and Mazzoni, A},
	journal={Journal of Geophysical Research: Solid Earth},
	volume={116},
	number={B11},
	year={2011},
	publisher={Wiley Online Library}
}
@article{abidin2004use,
	title={On the use of GPS survey method for studying land displacements on the landslide prone areas},
	author={Abidin, I and Andreas, H and Gamal, M and Surono, M Hendrasto},
	journal={FIG Working Week Athens, Greece},
	year={2004}
}
@misc{robert2014machine,
	title={Machine learning, a probabilistic perspective},
	author={Robert, Christian},
	year={2014},
	publisher={Taylor \& Francis}
}
@book{robert2013monte,
	title={Monte Carlo statistical methods},
	author={Robert, Christian and Casella, George},
	year={2013},
	publisher={Springer Science \& Business Media}
}
@article{teunissen2003integer,
	title={Integer aperture GNSS ambiguity resolution},
	author="Peter J.G. {Teunissen}",
	journal={Artificial Satellites},
	volume={38},
	number={3},
	pages={79--88},
	year={2003},
	publisher={Versita}
}
@article{teunissen2005gnss,
	title={GNSS ambiguity resolution with optimally controlled failure-rate},
	author={P. J. G. Teunissen},
	journal={Artificial satellites},
	volume={40},
	number={4},
	pages={219--227},
	year={2005},
	publisher={Versita}
}
@article{kelly2003characterization,
	title={Characterization of the effects of high multipath phase rates in GPS},
	author={Kelly, Joseph M and Braasch, Michael S and DiBenedetto, Michael F},
	journal={GPS Solutions},
	volume={7},
	number={1},
	pages={5--15},
	year={2003},
	publisher={Springer}
}
@article{luo2020short,
	title={Short-Baseline High-Precision DGPS for Smart Snow Blower},
	author={Luo, Yunlong and Weng, Zi-Bin and Qi, Yihong and Deng, Lei and Yu, Wei and Li, Fuhai and Drewniak, James L and Zhuang, Weihua and Miao, Miao and Huang, Jing},
	journal={IEEE Internet of Things Journal},
	year={2020},
	publisher={IEEE}
}
@misc{barry2011surveying,
	title={Surveying principles and application Ninth edition},
	author={Barry, F and Tom, B},
	year={2011},
	publisher={Springer, New York, American}
}
@article{iatsouk2004development,
	title={Development of standards for aeronautical satellite navigation system},
	author={Iatsouk, Victor},
	journal={Acta Astronautica},
	volume={54},
	number={11-12},
	pages={961--963},
	year={2004},
	publisher={Elsevier}
}
@article{kuutti2018survey,
	title={A survey of the state-of-the-art localization techniques and their potentials for autonomous vehicle applications},
	author={Kuutti, Sampo and Fallah, Saber and Katsaros, Konstantinos and Dianati, Mehrdad and Mccullough, Francis and Mouzakitis, Alexandros},
	journal={IEEE Internet of Things Journal},
	volume={5},
	number={2},
	pages={829--846},
	year={2018},
	publisher={IEEE}
}
@article{mei2019survey,
	title={A Survey of Internet of Things (IoT) for Geohazard Prevention: Applications, Technologies, and Challenges},
	author={Mei, Gang and Xu, Nengxiong and Qin, Jiayu and Wang, Bowen and Qi, Pian},
	journal={IEEE Internet of Things Journal},
	volume={7},
	number={5},
	pages={4371--4386},
	year={2019},
	publisher={IEEE}
}
@article{bian2014monitoring,
	title={Monitoring large-area mining subsidence by GNSS based on IGS stations},
	author={Bian, He-fang and Zhang, Shu-bi and Zhang, Qiu-zhao and Zheng, Nan-shan},
	journal={Transactions of Nonferrous Metals Society of China},
	volume={24},
	number={2},
	pages={514--519},
	year={2014},
	publisher={Elsevier}
}
@article{TASORA2020112635,
	title = {A geometrically exact isogeometric beam for large displacements and contacts},
	journal = {Computer Methods in Applied Mechanics and Engineering},
	volume = {358},
	pages = {112635},
	year = {2020},
	issn = {0045-7825},
	doi = {https://doi.org/10.1016/j.cma.2019.112635},
	author = {Alessandro Tasora and Simone Benatti and Dario Mangoni and Rinaldo Garziera},
}
@article{BIGONI2020113315,
	title = {Systematic sensor placement for structural anomaly detection in the absence of damaged states},
	journal = {Computer Methods in Applied Mechanics and Engineering},
	volume = {371},
	pages = {113315},
	year = {2020},
	issn = {0045-7825},
	doi = {https://doi.org/10.1016/j.cma.2020.113315},
	author = {Caterina Bigoni and Zhenying Zhang and Jan S. Hesthaven},
	keywords = {Sensor placement, Anomaly detection, Sparse Gaussian processes, Variational inference, Structural health monitoring (SHM)},
}
@article{shen_shortterm2021,  author={N. {Shen} and L. {Chen} and L. {Wang} and H. {Hu} and X. {Lu} and C. {Qian} and J. {Liu} and S. {Jin} and R. {Chen}},  journal={IEEE Transactions on Instrumentation and Measurement},   title={Short-Term Landslide Displacement Detection Based on GNSS Real-Time Kinematic Positioning},   year={2021},  volume={70},  number={},  pages={1-14},  doi={10.1109/TIM.2021.3055278}}



@article{psimoulis2008_1,
	title={Potential of Global Positioning System (GPS) to measure frequencies of oscillations of engineering structures},
	author={Psimoulis, Panos and Pytharouli, Stella and Karambalis, Dimitris and Stiros, Stathis},
	journal={Journal of Sound and Vibration},
	volume={318},
	number={3},
	pages={606--623},
	year={2008},
	publisher={Elsevier}
}
@article{psimoulis2008_2,
	author = {Psimoulis, Panos A. and Stiros, Stathis C.},
	title = {Experimental Assessment of the Accuracy of GPS and RTS for the Determination of the Parameters of Oscillation of Major Structures},
	journal = {Computer-Aided Civil and Infrastructure Engineering},
	volume = {23},
	number = {5},
	pages = {389-403},
	doi = {https://doi.org/10.1111/j.1467-8667.2008.00547.x},
	url = {https://onlinelibrary.wiley.com/doi/abs/10.1111/j.1467-8667.2008.00547.x},
	eprint = {https://onlinelibrary.wiley.com/doi/pdf/10.1111/j.1467-8667.2008.00547.x},
	year = {2008}
}
@article{psimoulis2018detection,
	title={Detection of ground motions using high-rate GPS time-series},
	author={Psimoulis, Panos A and Houli{\'e}, Nicolas and Habboub, Mohammed and Michel, Clotaire and Rothacher, Markus},
	journal={Geophysical Journal International},
	volume={214},
	number={2},
	pages={1237--1251},
	year={2018},
	publisher={Oxford University Press}
}
@Article{Hberling2015,
	author={H{\"a}berling, S.
	and Rothacher, M.
	and Zhang, Y.
	and Clinton, J. F.
	and Geiger, A.},
	title={Assessment of high-rate GPS using a single-axis shake table},
	journal={Journal of Geodesy},
	year={2015},
	month={Jul},
	day={01},
	volume={89},
	number={7},
	pages={697-709},
	issn={1432-1394},
	doi={10.1007/s00190-015-0808-2},
	url={https://doi.org/10.1007/s00190-015-0808-2}
}
@article{Moschas_2014,
	author = {Moschas, Fanis and Avallone, Antonio and Saltogianni, Vasso and Stiros, Stathis},
	year = {2014},
	month = {10},
	pages = {},
	title = {Strong motion displacement waveforms using 10-Hz precise point positioning GPS: An assessment based on free oscillation experiments},
	volume = {43},
	journal = {Earthquake Engineering \& Structural Dynamics},
	doi = {10.1002/eqe.2426}
}
@Article{Moschas2015,
	author={Moschas, Fanis
	and Stiros, Stathis},
	title={PLL bandwidth and noise in 100 Hz GPS measurements},
	journal={GPS Solutions},
	year={2015},
	month={Apr},
	day={01},
	volume={19},
	number={2},
	pages={173-185},
	issn={1521-1886},
	doi={10.1007/s10291-014-0378-4},
	url={https://doi.org/10.1007/s10291-014-0378-4}
}
@article{Meng_2018,
	author = {Meng, Xiaolin and Nguyen, Dinh Tung and Xie, Yilin and Owen, John and Psimoulis, P. and Ince, Sean and Chen, Qusen and Ye, Jun and Bhatia, Paul},
	year = {2018},
	month = {03},
	pages = {},
	title = {Design and Implementation of a New System for Large Bridge Monitoring—GeoSHM},
	volume = {18},
	journal = {Sensors},
	doi = {10.3390/s18030775}
}
@article{Meng_2019,
	author = {Zhang, Qiuzhao and Ma, Chun and Meng, Xiaolin and Xie, Yilin and Psimoulis, P. and Wu, Laiyi and Yue, Qing and Dai, Xinjun},
	year = {2019},
	month = {02},
	pages = {438},
	title = {Galileo Augmenting GPS Single-Frequency Single-Epoch Precise Positioning with Baseline Constrain for Bridge Dynamic Monitoring},
	volume = {11},
	journal = {Remote Sensing},
	doi = {10.3390/rs11040438}
}
@Article{Xue2021,
	author={Xue, Chenyu
	and Psimoulis, Panos
	and Zhang, Qiuzhao
	and Meng, Xiaolin},
	title={Analysis of the performance of closely spaced low-cost multi-GNSS receivers},
	journal={Applied Geomatics},
	year={2021},
	month={Sep},
	day={01},
	volume={13},
	number={3},
	pages={415-435},
	doi={10.1007/s12518-021-00361-8},
	url={https://doi.org/10.1007/s12518-021-00361-8}
}
@Article{shennan_2019,
	AUTHOR = {Shen, Nan and Chen, Liang and Liu, Jingbin and Wang, Lei and Tao, Tingye and Wu, Dewen and Chen, Ruizhi},
	TITLE = {A Review of Global Navigation Satellite System (GNSS)-Based Dynamic Monitoring Technologies for Structural Health Monitoring},
	JOURNAL = {Remote Sensing},
	VOLUME = {11},
	YEAR = {2019},
	NUMBER = {9},
	ARTICLE-NUMBER = {1001},
	URL = {https://www.mdpi.com/2072-4292/11/9/1001},
	ISSN = {2072-4292},
	DOI = {10.3390/rs11091001}
}
@inproceedings{betti2001deformation,
	title={Deformation detection according to a Bayesian approach},
	author={Betti, B and Sans{\`o}, F and Crespi, M},
	booktitle={IV Hotine-Marussi Symposium on Mathematical Geodesy},
	pages={83--88},
	year={2001},
	organization={Springer}
}
@article{betti2011deformation,
	title={Deformation assessment considering an a priori functional model in a bayesian framework},
	author={Betti, Barbara and Cazzaniga, Noemi Emanuela and Tornatore, Vincenza},
	journal={Journal of Surveying Engineering},
	volume={137},
	number={4},
	pages={113--119},
	year={2011},
	publisher={American Society of Civil Engineers}
}
@article{Msaewe_2017,
	author = {Msaewe, Hussein and Hancock, Craig and Psimoulis, P. and Roberts, Gethin and Bonenberg, Lukasz and de Ligt, Huib},
	year = {2017},
	month = {02},
	pages = {186-199},
	title = {Investigating multi-GNSS performance in the UK and China based on a zero-baseline measurement approach},
	volume = {102},
	journal = {Measurement},
	doi = {10.1016/j.measurement.2017.02.004}
}
@inproceedings{Roberts_2018,
	author = {Roberts, William and Critchley-Marrows, Joshua and Fortunato, Marco and Ivanovici, Maria and Callewaert, Karel and Tavares, Thiago and Arzel, Laurent and Pomies, Axelle},
	year = {2018},
	month = {10},
	pages = {489-502},
	title = {FLAMINGO - Fulfilling Enhanced Location Accuracy in the Mass-market through Initial Galileo Services},
	doi = {10.33012/2018.15931}
}

